@article{Faloutsos06,
author = {Christos Faloutsos and Hanghang Tong},
journal = {Proceedings of the 12th ACM SIGKDD international conference on Knowledge discovery and Data Mining},
pages = {404--413},
title = {{Center-Piece Subgraphs: Problem Definition and Fast Solutions}},
volume = {2006},
year = {2006},
keywords = {Center-piece subgraph,Goodness score,K_softAND}
}

@article{Wiener15,
author = {Natali Ruchansky and Francesco Bonchi and David Garc√≠a-Soriano and Francesco Gullo and Nicolas Kourtellis},
journal = {Proceedings of the 2015 ACM SIGMOD International Conference on Management of Data},
pages = {1587--1602},
title = {{The Minimum Wiener Connector Problem}},
volume = {2011},
year = {2011}
}
